<record><leader>00000cas a22000007a 4500</leader><controlfield tag="001">24095183</controlfield><controlfield tag="008">910718d19uu200umnuwr ne      0   a0eng c</controlfield><datafield ind1=" " ind2=" " tag="010"><subfield code="a">sn 91000421 </subfield></datafield><datafield ind1=" " ind2=" " tag="040"><subfield code="a">NSD</subfield><subfield code="b">eng</subfield><subfield code="c">NSD</subfield><subfield code="d">NSD</subfield><subfield code="d">OCLCQ</subfield></datafield><datafield ind1=" " ind2=" " tag="012"><subfield code="m">d</subfield></datafield><datafield ind1="0" ind2=" " tag="022"><subfield code="a">1057-6827</subfield><subfield code="l">1057-6827</subfield><subfield code="y">8750-3883</subfield><subfield code="2">1</subfield></datafield><datafield ind1=" " ind2=" " tag="037"><subfield code="b">Thief River Falls Times, Box 100, Thief River Falls, MN 56701-9998</subfield></datafield><datafield ind1=" " ind2=" " tag="042"><subfield code="a">nsdp</subfield><subfield code="a">pcc</subfield></datafield><datafield ind1="0" ind2=" " tag="130"><subfield code="a">Times (Thief River Falls, Minn.)</subfield></datafield><datafield ind1=" " ind2="4" tag="222"><subfield code="a">The times</subfield><subfield code="b">(Thief River Falls, Minn.)</subfield></datafield><datafield ind1="1" ind2="4" tag="245"><subfield code="a">The times.</subfield></datafield><datafield ind1=" " ind2=" " tag="260"><subfield code="a">Thief River Falls, MN :</subfield><subfield code="b">J.P. Mattson</subfield></datafield><datafield ind1=" " ind2=" " tag="300"><subfield code="a">v.</subfield></datafield><datafield ind1=" " ind2=" " tag="310"><subfield code="a">Semiweekly,</subfield><subfield code="b">Apr. 16, 1956-</subfield></datafield><datafield ind1=" " ind2=" " tag="588"><subfield code="a">Description based on: Vol. 80, no. 44 (June 11, 1991).</subfield></datafield><datafield ind1=" " ind2=" " tag="752"><subfield code="a">United States</subfield><subfield code="b">Minnesota</subfield><subfield code="c">Pennington</subfield><subfield code="d">Thief River Falls.</subfield></datafield><datafield ind1=" " ind2=" " tag="752"><subfield code="a">United States</subfield><subfield code="b">Minnesota</subfield><subfield code="c">Pennington</subfield><subfield code="d">Goodridge.</subfield></datafield><datafield ind1=" " ind2=" " tag="752"><subfield code="a">United States</subfield><subfield code="b">Minnesota</subfield><subfield code="c">Pennington</subfield><subfield code="d">St. Hilaire.</subfield></datafield><datafield ind1="0" ind2="0" tag="780"><subfield code="t">Thief River Falls times</subfield><subfield code="x">8750-3883</subfield><subfield code="w">(DLC)sn 84001926</subfield><subfield code="w">(OCoLC)1767443</subfield></datafield><datafield ind1="0" ind2="0" tag="785"><subfield code="t">Thief River Falls times (2007)</subfield><subfield code="x">1936-2250</subfield><subfield code="w">(DLC)  2007212064</subfield></datafield><datafield ind1="1" ind2=" " tag="029"><subfield code="a">AU@</subfield><subfield code="b">000041376717</subfield></datafield></record>